<?xml version="1.0" encoding="UTF-8"?><record xmlns="http://www.loc.gov/MARC21/slim" xmlns:cinclude="http://apache.org/cocoon/include/1.0" xmlns:zs="http://www.loc.gov/zing/srw/">
  <leader>00368nz  a2200121n  4500</leader>
  <controlfield tag="001">n  92069865 </controlfield>
  <controlfield tag="003">DLC</controlfield>
  <controlfield tag="005">19920709103057.2</controlfield>
  <controlfield tag="008">920709n| acannaab|          |n aaa |||  </controlfield>
  <datafield tag="010" ind1=" " ind2=" ">
    <subfield code="a">n  92069865 </subfield>
  </datafield>
  <datafield tag="040" ind1=" " ind2=" ">
    <subfield code="a">DLC</subfield>
    <subfield code="c">DLC</subfield>
  </datafield>
  <datafield tag="100" ind1="1" ind2="0">
    <subfield code="a">Seymour, Dolores</subfield>
  </datafield>
  <datafield tag="670" ind1=" " ind2=" ">
    <subfield code="a">Her Create yourself-- an "experience" waiting just for you, c1992:</subfield>
    <subfield code="b">CIP t.p. (Dr. Dolores Seymour, Msc. D., Ph. D.)</subfield>
  </datafield>
</record>